@INPROCEEDINGS{ref99,
  AUTHOR = "Jane Doe",
  TITLE = "Ramblings",
  BOOKTITLE = "Proceedings of Stuff",
  YEAR = "1999",
  PAGES = "848--55"}
